

@inproceedings{doi:10.1109/DSN.2009.5270346,
  author = {Kevin S. Killourhy and Roy A. Maxion},
  title = {Comparing Anomaly Detectors for Keystroke Dynamics},
  booktitle = {Proceedings of the 39th Annual International Conference on Dependable Systems and Networks},
  series = {DSN-2009},
  year = {2009},
  location = {Estoril, Lisbon, Portugal},
  pages = {125--134},
  numpages = {9},
  url = {http://ieeexplore.ieee.org/abstract/document/5270346/},
  doi = {10.1109/DSN.2009.5270346},
  acmid = {860487},
  publisher = {IEEE},
  address = {New York, NY, USA},
  keywords = { pattern-recognition,anomaly-detection algorithm,keystroke dynamics },
}

@article{doi:10.1093/bioinformatics/bti623,
author = {Sing, Tobias and Sander, Oliver and Beerenwinkel, Niko and Lengauer, Thomas},
title = {ROCR: visualizing classifier performance in R},
journal = {Bioinformatics},
volume = {21},
number = {20},
pages = {3940},
year = {2005},
doi = {10.1093/bioinformatics/bti623},
URL = { + http://dx.doi.org/10.1093/bioinformatics/bti623},
eprint = {/oup/backfile/Content_public/Journal/bioinformatics/21/20/10.1093/bioinformatics/bti623/2/bti623.pdf}
}

@misc{cmu_dataset,
  author = {Kevin Killourhy and Roy Maxion},
  title = { keystroke-timing information },
  url = {http://www.cs.cmu.edu/~keystroke/},
  note = {\url{http://www.cs.cmu.edu/~keystroke/}}

}